@article{perf,
  title={Performance Comparison of Data Mining Algorithms: A Case Study on Car Evaluation Dataset},
  author={Awwalu, Jamilu and Ghazvini, Anahita and Bakar, Azuraliza Abu},
  journal={Int. Jour. of Computer Trends and Technology (IJCTT)},
  volume={13},
  number={2},
  year={2014}
}

@article{singh2005modeling,
  title={Modeling performance of different classification methods: deviation from the power law},
  author={Singh, Sameer},
  journal={Project Report, Department of Computer Science, Vanderbilt University, USA},
  year={2005}
}